1987 3644
757 247 1347 330 PRAEFAJio.

220 379 632 458 mitteretur,
711 379 935 447 denuo
998 378 1440 471 reiteratisque
1516 376 1875 464 itineribu3‚

219 471 398 561 cujus
428 472 746 563 temporis
785 473 984 541 laetus
1024 470 1366 554 recordor,
1437 470 1721 540 nostram
1754 471 1878 539 flo-

219 589 360 634 ram
393 564 636 644 intulit,
682 587 746 634 et
771 564 904 637 (τὲως
945 565 1194 632 diuitias
1224 588 1376 632 eum
1408 566 1472 633 iu
1501 564 1701 633 finem
1739 564 1880 633 col-

215 659 404 751 legit,
454 683 587 752 quo
616 657 768 726 inde
804 656 1214 727 sseroliuense
1246 657 1616 726 viridarium
1648 657 1879 750 ampli-

220 752 460 824 ficaret.
557 751 775 838 Huius
804 753 1021 843 itaque
1054 749 1346 820 industrii
1368 752 1594 820 Viriin
1622 775 1880 843 cogno-

220 844 473 917 sceudis
515 843 744 913 nostris
790 845 1024 936 plantis
1068 846 1290 936 peritia
1332 869 1487 913 cum
1546 845 1710 912 mihi
1738 843 1882 914 latis

221 937 534 1033 superque
575 959 732 1007 nota
785 938 979 1024 esset,
1038 938 1170 1029 ejus
1233 938 1636 1007 humanitate
1678 936 1883 1008 fretus

222 1033 407 1103 illum
440 1032 595 1112 adii,
638 1053 701 1100 ct
730 1057 949 1101 meum
1000 1031 1126 1118 iam
1175 1031 1542 1101 absolutum
1587 1030 1886 1101 libellum

225 1127 442 1196 eidem
475 1126 742 1206 tradidi,
788 1150 1026 1219 rog-aus
1059 1147 1127 1196 vt
1171 1150 1273 1213 ca,
1303 1150 1467 1219 quae
1493 1123 1606 1195 ase
1635 1125 1718 1193 de
1747 1125 1885 1195 hoc

225 1239 615 1310 argumento
647 1218 980 1289 obseruata
1010 1219 1241 1301 estem,
1283 1221 1604 1313 adponat,
1663 1239 1729 1289 et
1770 1219 1886 1289 be-

224 1315 469 1384 neuole
498 1337 766 1382 mecum
797 1314 1263 1384 communicet.
1367 1314 1438 1384 ld
1461 1312 1643 1407 quod
1671 1312 1751 1383 ab
1785 1314 1887 1404 ip—

225 1408 299 1479 so
369 1406 778 1500 postulabam
839 1408 1229 1476 dexterrime
1299 1432 1570 1501 quoque
1621 1410 1888 1499 peregit.

226 1502 558 1573 Permulta
585 1503 759 1569 enim
784 1524 847 1571 et
881 1526 951 1569 ea
971 1502 1036 1569 iu
1069 1502 1315 1593 primis,
1342 1526 1505 1594 quae
1523 1502 1603 1570 ad
1620 1500 1889 1578 Grami-

227 1621 422 1673 num,
471 1594 854 1663 Muscorum
887 1617 948 1663 et
983 1595 1363 1684 Fungorum
1394 1594 1721 1664 historiam
1742 1606 1887 1686 per-

228 1691 474 1770 tinent,
527 1712 604 1756 ex
644 1688 893 1756 schedis
945 1687 1450 1779 praestantiffimi
1505 1687 1693 1776 hujus
1739 1689 1889 1760 Viri

229 1782 491 1873 collegi,
517 1805 917 1873 nouamque,
948 1781 1029 1850 ab
1060 1779 1199 1873 ipso
1230 1781 1630 1852 elaboratam
1649 1831 1668 1863 ‚
1707 1781 1891 1873 plan-

230 1897 443 1948 tarum
474 1931 490 1957 ‚
557 1898 724 1969 quae
779 1875 1434 1970 Epiphyllospermae
1498 1875 1892 1968 plerumque

230 1990 585 2047 vocantur,
628 1967 1026 2038 methodum
1055 1967 1211 2039 huic
1238 1968 1465 2039 libello
1499 1966 1763 2050 inserui,
1803 1972 1896 2056 itav

231 2085 488 2142 tamen,
533 2082 605 2132 vt
633 2062 894 2151 omnia,
951 2086 1114 2156 quae
1151 2063 1232 2132 ab
1271 2060 1412 2155 ipso
1461 2063 1715 2156 accepi,
1757 2059 1895 2150 ejus

233 2158 512 2229 nomine
561 2155 851 2249 praefixo
910 2155 1132 2227 sedulo
1194 2177 1528 2238 notarem,
1581 2179 1707 2224 nec
1751 2158 1895 2240 alia,

235 2276 436 2346 quam
467 2274 631 2344 quae
658 2274 803 2319 mea
853 2248 1031 2330 sunt,
1076 2250 1237 2319 mihi
1281 2250 1656 2319 tribuerem.
1759 2252 1896 2320 Pro

235 2346 370 2417 hoc
395 2346 614 2437 itaque
643 2344 948 2436 praeclari
973 2343 1471 2414 beneuolentiae
1487 2355 1553 2413 et
1579 2344 1644 2411 in
1662 2343 1897 2436 patrias

236 2439 483 2534 plantas
512 2437 804 2507 exhibito
836 2438 1079 2508 amoris
1105 2439 1526 2524 *documento
1567 2460 1707 2505 non
1746 2463 1900 2506 mo-

238 2534 332 2603 do
370 2555 477 2600 me
507 2529 747 2624 ipsum,
795 2530 901 2600 sed
938 2533 1100 2602 alios
1126 2555 1396 2624 quoque
1437 2529 1777 2600 herbariae
1803 2532 1898 2601 rei

239 2626 527 2698 cultores
556 2648 695 2692 GLE
714 2648 1109 2695 oiTscfflo
1132 2627 1448 2695 maximas
1480 2622 1723 2694 debere
1754 2648 1895 2717 gra-

237 2743 338 2793 tes
372 2716 777 2810 profitemur.
1492 2755 1498 2758 Δ

331 2812 533 2882 Hisce
564 2812 837 2904 peractis
865 2811 1147 2881 breuiter
1170 2835 1349 2881 nunc
1375 2810 1460 2880 de
1486 2811 1627 2903 ipso
1674 2807 1901 2891 libello

241 2904 599 2980 dicendum
627 2902 733 2973 est.
828 2907 898 2974 ln
947 2904 1318 2998 colligenda
1359 2903 1662 2998 Liplienfi
1709 2905 1939 2974 Flora.

242 3028 382 3074 non
408 3024 576 3092 opus
602 2995 724 3066 esl'e
755 2997 1037 3079 credidi,
1061 3020 1132 3068 vt
1167 2997 1374 3089 ipsum
1421 2999 1582 3068 illud
1627 2997 1904 3066 l’i-lisuiae

242 3099 479 3172 decu3,
525 3091 998 3161 dilectiffimam
1029 3090 1310 3184 Lipfiam
1344 3092 1806 3170 del'cribamu5‚
1839 3109 1906 3160 ct

245 3190 378 3274 ejus
421 3188 741 3256 exteriora
791 3209 866 3252 ac
905 3182 1433 3273 circumjacentia
1459 3186 1637 3262 loca,
1689 3181 1906 3272 (itum,
1966 3208 1970 3209 ⁷

247 3276 627 3378 regionem,
667 3301 975 3371 campoe,
1035 3299 1248 3372 prata,
1308 3276 1752 3370 frondosaque
1792 3302 1907 3347 ne-

1716 3395 1901 3442 mora
