1987 3644
551 330 1125 392 PRAEFATIO.

43 480 226 528 mora
246 457 798 545 contemplemur,
855 475 921 522 vt
938 455 1198 522 tandem
1215 456 1480 526 fluentes
1498 461 1655 551 stag-

43 573 396 638 nantesque
424 571 615 632 aquas
661 569 846 638 atque
882 547 1144 635 paludes
1185 551 1479 635 peculiari
1520 579 1658 621 ora-

44 646 224 710 tione
271 638 739 729 prosequamur.
839 639 1090 705 Praeter
1128 638 1194 703 id
1235 641 1436 716 enini,
1483 645 1659 731 quod

44 731 475 823 geographica
531 729 848 813 ejusmodi
899 731 1194 797 tractatio
1251 753 1284 795 a
1344 753 1409 796 re
1452 735 1661 802 nostra

46 824 249 892 aliena
278 819 396 888 effe
425 822 745 899 videatur,
790 844 861 887 ea
888 843 1152 911 quoque
1180 823 1429 899 omnia,
1501 848 1661 913 quae

48 913 632 983 commemoranda
698 911 804 979 hic
861 909 1089 996 efflent,
1160 935 1192 978 a
1245 912 1662 980 celeberrimo

40 1028 557 1087 cfflzlsriANo
603 1026 1012 1070 MlCHAELE
1055 1026 1403 1070 ADOLPHl
1454 1006 1517 1071 in
1548 1005 1663 1072 dis-

51 1096 426 1179 sertatione,
478 1117 637 1185 quae
666 1095 745 1160 de
772 1117 947 1175 aere,
992 1093 1163 1173 solo,
1214 1094 1390 1184 aquis
1417 1118 1479 1164 et
1503 1098 1666 1164 locis

48 1183 474 1280 Lipsieniibus
511 1184 896 1266 inscribitur,
975 1186 1116 1254 satis
1163 1183 1474 1276 superque
1525 1210 1667 1280 per-

49 1297 313 1349 tractata
346 1298 776 1344 inueniuntur.

147 1370 395 1438 Illarum
414 1368 644 1459 itaque,
689 1390 850 1458 quae
874 1367 1036 1435 intra
1065 1370 1252 1436 vnius
1278 1367 1556 1438 milliaris
1587 1367 1668 1436 ab

50 1460 209 1530 vrbe
249 1461 604 1528 distantiam
648 1480 1058 1549 generantur,
1119 1479 1183 1527 et
1222 1483 1382 1550 quae
1411 1485 1444 1527 a
1477 1460 1669 1528 nobis

52 1552 425 1623 continuata
456 1575 569 1641 per
596 1575 837 1619 nouem
877 1576 1082 1620 annos
1121 1551 1417 1620 industria
1459 1553 1672 1619 obser-

53 1664 232 1714 vatae
259 1641 543 1723 fuerunt,
588 1643 950 1732 plantarum
990 1644 1272 1710 indicem
1309 1643 1671 1735 composui,

55 1736 142 1805 ita
177 1755 246 1803 vt
282 1731 510 1823 sponte
552 1734 903 1802 crescentes
958 1735 1200 1824 plantas
1247 1759 1477 1803 ornnes
1514 1759 1673 1803 con-

54 1828 408 1918 quirerem,
450 1825 611 1893 *alias
647 1849 803 1893 vero
847 1826 954 1893 hic
1007 1826 1313 1894 locorum
1364 1828 1463 1893 vel
1507 1851 1673 1893 nun-

55 1941 248 2010 quam
275 1917 862 2007 progerminanteS,
913 1920 1227 1996 exoticaS,
1273 1919 1375 1986 vel
1412 1918 1477 1984 in
1521 1918 1672 1985 hor-

56 2012 139 2080 tis
166 2029 417 2078 tantum
446 2008 644 2075 cultas
671 2009 940 2075 studiose
971 2010 1362 2079 omitterem.
1452 2009 1570 2077 Illis
1585 2029 1676 2077 ta-

57 2124 241 2178 men,
303 2122 500 2191 quae,
547 2099 698 2167 licet
739 2100 819 2167 ad
865 2100 1195 2190 indigenas
1232 2102 1495 2192 proprie
1537 2125 1678 2168 non

59 2193 452 2286 pertineant,
497 2189 725 2258 nostris
761 2211 976 2258 tamen
1022 2192 1202 2259 terris
1249 2215 1443 2282 quam
1475 2194 1677 2260 maxi-

57 2306 170 2352 me
207 2283 579 2362 familiares,
649 2283 716 2350 in
764 2284 1090 2367 ciuitatem
1142 2284 1311 2374 quali
1383 2306 1680 2374 receptae

61 2374 234 2464 sunt,
279 2374 509 2442 exinde
544 2374 727 2465 quod
756 2376 1100 2464 quotannis
1138 2376 1371 2444 iterum
1429 2375 1680 2466 conspi-

62 2467 345 2551 ciantur,
392 2463 547 2533 hinc
575 2465 655 2534 ab
685 2466 1001 2557 indigenis
1028 2465 1294 2557 separari
1309 2468 1415 2535 vix
1429 2467 1683 2557 poffint,
1713 2487 1718 2489 ·

61 2559 285 2628 locum
321 2559 390 2625 in
427 2555 560 2625 hoc
599 2557 822 2628 libello
863 2558 1365 2628 concedendum
1405 2556 1526 2627 effe
1566 2583 1682 2651 pu-

59 2650 210 2719 taui.

117 2786 119 2790 ι
159 2741 266 2809 De
299 2741 559 2821 ordine,
605 2736 954 2809 secundum
987 2763 1185 2832 quern
1213 2740 1396 2810 hasce
1437 2741 1684 2833 plantas

67 2830 498 2922 disponerem,
524 2831 638 2900 diu
663 2832 1071 2925 multumque
1096 2834 1329 2902 dubius
1342 2833 1450 2902 fui.
1514 2832 1685 2900 Mul-

24 2991 38 3001 ,
68 2942 173 2993 tae
215 2925 387 2991 enirn
426 2925 567 2992 illae
595 2921 1032 3015 diuersaeque‚
1070 2949 1104 2993 a
1155 2926 1338 2994 variis
1378 2925 1686 2993 hactenus

42 3012 396 3107 '‘Botanicis
472 3016 869 3105 excogitatae
895 3062 914 3093 ‚
1005 3015 1293 3108 stirpium
1367 3013 1685 3098 methodi,

0 3187 9 3192 κ
69 3107 365 3198 quamuis
394 3104 514 3174 suis
525 3129 663 3174 non
675 3105 1093 3176 destituantur
1107 3108 1498 3191 commodis,
1511 3105 1687 3196 plan-

69 3200 155 3267 tis
183 3201 402 3287 potius
425 3196 797 3270 ordinandis
822 3201 1076 3288 egregie
1091 3200 1499 3276 conueniant,
1525 3220 1688 3263 non-

72 3286 254 3383 nulla,
269 3309 488 3372 tamen
515 3289 810 3385 retinent
831 3311 1199 3381 momenta,
1262 3314 1420 3382 quae
1449 3289 1593 3389 artis
1622 3288 1689 3389 in

158 3430 161 3432 -
1466 3402 1691 3470 prinus
