1987 3644
787 229 1393 293 PRAEFATIO.

261 356 496 454 primis'
530 356 881 451 tyronibus
943 359 1139 449 paulo
1191 355 1554 427 difficiliora
1593 376 1664 426 et
1717 355 1924 425 videri

261 449 553 548 possunt,
613 471 678 519 et
725 450 767 520 fi
810 476 1037 520 verum
1089 451 1276 519 fateri
1319 451 1545 529 decet,
1585 450 1781 519 ardua
1813 451 1922 519 ad·

261 548 546 616 modum
593 546 1034 613 inueniuntur.
1160 543 1339 611 Illam
1381 545 1646 613 tandem
1664 601 1683 632 ,A
1724 568 1923 636 quam

260 662 725 712 Lvowlnrvs
754 639 819 707 in
852 664 1027 707 noua
1053 636 1517 706 definitionum
1553 638 1924 729 plantarum

262 735 554 823 editione
611 731 990 825 proposuit,
1050 731 1429 821 vegetabilia
1505 729 1924 801 examinandi

259 852 604 904 normam,
667 848 738 895 vt
780 824 1188 903 facillimam,
1258 824 1518 916 reliquis
1559 823 1924 913 praeferen-

170 991 172 993 ,
261 923 414 993 dam
464 917 585 990 effe
626 919 1002 989 existimaui.
1105 917 1436 1008 Qamuis
1481 917 1655 986 enim
1683 974 1698 999 ‚
1745 940 1815 988 vt
1853 918 1924 988 in

261 1018 452 1088 omni
483 1013 782 1084 historiae
812 1012 1111 1081 naturalis
1141 1033 1355 1104 parte,
1402 1011 1489 1080 fic
1516 1012 1579 1079 in
1599 1012 1927 1104 vegetabi-

259 1112 425 1183 lium
454 1133 723 1203 quoque
751 1105 1010 1175 historia
1043 1130 1277 1195 omnes
1306 1105 1439 1175 huc
1477 1129 1683 1198 vsque
1728 1129 1927 1175 exco-

174 1205 177 1208 ’
262 1207 501 1301 gitatae
543 1202 846 1271 methodi
886 1202 972 1269 ita
1013 1196 1137 1268 sint
1188 1220 1636 1291 comparatae,
1710 1220 1783 1270 vt
1818 1199 1928 1269 ali-

262 1323 460 1395 quas,
504 1321 588 1365 ne
631 1298 846 1366 dicam
877 1294 1147 1374 mulum,
1203 1290 1447 1387 saepius
1482 1293 1834 1362 admittant
1863 1317 1929 1364 a·

260 1391 582 1466 nomalias
612 1412 806 1483 atque
834 1389 1290 1478 exceptiones,
1337 1389 1459 1458 alia
1499 1409 1727 1458 tamen
1757 1389 1931 1457 ratio

262 1486 512 1573 subest,
559 1510 726 1580 quae
769 1483 1274 1575 Ludwigianam
1327 1481 1731 1552 methodum
1762 1482 1931 1555 ‚reti-

262 1581 551 1654 nendam
601 1578 946 1665 suaderet„
1054 1575 1331 1646 Laudati
1385 1576 1701 1645 nimirum
1739 1573 1930 1664 hujus

260 1678 411 1747 Viri
440 1673 884 1743 Institutione's
925 1674 1108 1762 regni
1147 1670 1531 1762 vegetabilis
1569 1670 1930 1740 Commili-

261 1767 754 1842 tonibus'omni
784 1762 1015 1834 aestate
1053 1761 1280 1834 fusiori
1313 1764 1618 1833 oratione
1645 1764 1932 1857 expliCQ

260 1863 663 1937 methodum
693 1860 761 1929 in
792 1858 914 1928 illis
942 1858 1090 1950 ipsis
1134 1855 1539 1950 propositam
1590 1859 1931 1927 notiorem

259 1960 341 2030 iis
371 1957 613 2038 reddO,
657 1954 1101 2046 florentesque
1139 1953 1391 2045 plantas
1419 1952 1500 2021 ad
1538 1949 1733 2044 ipsius
1773 1974 1953 2033 nor-K

261 2076 445 2123 mam
483 2052 810 2120 examino,
922 2044 1407 2117 Consuetudini
1447 2049 1669 2138 itaque
1712 2068 1780 2114 et
1819 2045 1932 2115 hic

263 2145 508 2240 aliquid
549 2144 845 2213 dandum
877 2162 1042 2221 erat,
1091 2140 1363 2219 exinde,
1415 2141 1599 2234 quod
1644 2138 1932 2209 instituta

261 2241 425 2312 haec
439 2238 802 2332 plantarum
820 2231 1153 2327 dispositio
1169 2254 1233 2302 et
1248 2233 1407 2302 mihi
1426 2232 1933 2305 etAuditoribus

262 2359 464 2429 quam
495 2334 782 2402 maxime
809 2329 1080 2421 cognita
1104 2349 1171 2397 et
1195 2326 1529 2420 perspecta
1560 2326 1686 2416 jam
1708 2325 1878 2398 esset.

358 2425 636 2498 Assumfi
704 2449 895 2516 ergo
930 2422 1438 2514 Ludwigianam
1508 2419 1933 2509 methodum,

261 2545 580 2616 generum
609 2521 918 2602 nomina,
969 2541 1136 2611 quae
1167 2516 1248 2586 ab
1276 2517 1420 2610 ipso
1462 2515 1754 2589 adhibita
1790 2513 1937 2585 fue-⁵

262 2637 450 2694 runt,
499 2613 772 2694 retinui,
828 2633 894 2682 et
928 2610 1132 2704 ipsam
1180 2610 1432 2704 generis
1469 2610 1930 2682 definitionem

262 2709 520 2801 semper
557 2707 786 2789 citam,
841 2703 1088 2799 'species
1127 2705 1475 2799 vnicuique
1513 2703 1739 2796 generi
1790 2702 1932 2772 sub·

263 2801 476 2893 junxi,
521 2800 754 2894 hisque
795 2801 1243 2869 recentiorum
1280 2800 1590 2886 nomina,
1638 2821 1808 2890 quae
1834 2796 1928 2891 ip-

264 2896 397 2969 sam
448 2895 744 2989 plantam
795 2894 876 2962 ab
913 2891 1232 2963 adfinibus
1287 2891 1730 2987 distinguunt,
1789 2899 1856 2960 et
1895 2913 1939 2973 a,

189 3081 194 3085 ‚
265 3013 644 3061 LlNNAEo
689 3013 754 3057 m
799 3010 1065 3078 prmus,
1124 3009 1466 3057 RoYENo
1510 2999 1703 3082 atque
1745 3007 1934 3058 ΗΑΒ-,-

264 3100 467 3155 LERo
499 3079 863 3154 constructa
887 3079 1188 3166 fuerunt,
1252 3079 1582 3174 adposui3*
1619 3101 1916 3171 nonnun-

263 3203 500 3273 quam,
546 3179 659 3247 vbi
694 3175 870 3248 factu
898 3174 965 3245 id
1004 3197 1175 3269 opus
1215 3195 1382 3262 erat,
1427 3197 1605 3248 noua
1654 3168 1912 3267 ipseme
1964 3207 1970 3212 ·

263 3269 593 3345 constitui.
1255 3312 1266 3318 -
1797 3357 1843 3429 S
1886 3353 1934 3428 d

1847 3381 1882 3428 e

1698 3501 1729 3537 -ἕ
1745 3526 1764 3535 -.

1721 3537 1839 3602 (ΑΥ-ἓ,
1915 3589 1919 3593 .
