1987 3644
562 244 1149 306 PRAEFATIO.

130 370 259 438 Sed
302 393 382 436 ne
430 368 602 436 forte
660 373 966 438 mirentur
1009 370 1231 445 exteri,
1301 369 1482 461 quod
1522 390 1657 443 tam

39 463 344 551 exiguum
384 458 733 551 specierum
779 484 1115 528 numerum
1168 462 1273 527 hic
1310 462 1655 552 proposue-

39 555 161 621 rim
186 610 202 636 ,
252 553 404 620 illud
436 552 514 619 ab
546 553 921 620 accuratiori
957 548 1309 640 specierum
1351 554 1655 624 determi-

36 646 302 713 natione
348 643 806 711 deduceudum
844 642 991 721 effe,
1063 645 1128 709 in
1181 644 1402 711 limine
1440 644 1654 717 statim

34 757 456 827 praemoneo.
578 737 777 802 Certe
826 734 866 802 fi
922 734 1254 801 varietates
1295 736 1654 823 specierum

36 830 194 894 loco
226 825 681 892 enumeraffem
701 881 715 906 ‚
758 826 948 915 longe
977 824 1177 908 major
1202 823 1504 895 ostentari
1531 853 1652 918 po-

35 916 240 985 tuiss'et
268 918 626 1007 plantarum
657 920 861 1007 copia.
973 918 1330 986 Neminem
1378 941 1533 986 vero
1566 921 1655 991 la-

32 1028 156 1086 tet,
202 1009 592 1076 recentiores
631 1010 960 1097 scriptores
1002 1032 1272 1076 omnem
1314 1033 1532 1077 curam
1570 1035 1654 1082 eo

31 1101 399 1179 intendere,
464 1123 533 1168 vt
610 1100 974 1190 specierum·
1027 1124 1372 1168 numerum
1433 1102 1651 1173 immi-

31 1213 266 1270 nuant,
313 1213 377 1258 et
419 1192 650 1258 multas
711 1193 1014 1259 hactenus
1064 1193 1355 1261 inuentas
1402 1194 1652 1282 plantas

29 1307 170 1351 non
219 1282 450 1372 species
501 1307 736 1360 nouaS‚
826 1281 929 1349 sed
987 1305 1237 1350 tantum
1291 1284 1651 1376 specierum

27 1376 436 1463 cognitarum
476 1378 806 1442 varietates
853 1373 969 1441 effe
1025 1374 1358 1457 euincam,
1421 1399 1652 1467 vtpote

27 1489 190 1555 quae
217 1491 250 1532 a
278 1466 547 1532 climatis
565 1519 580 1545 ‚
624 1467 928 1533 locorum
953 1488 1014 1533 et
1041 1468 1323 1534 culturae
1352 1466 1653 1538 differen-

27 1560 115 1625 tia
139 1558 452 1647 originem
487 1558 750 1625 ducunt.
846 1558 931 1626 Et
971 1556 1110 1625 sane
1147 1559 1372 1648 ingens
1409 1561 1650 1650 specie-

26 1673 203 1727 rum,
250 1673 283 1714 a
323 1650 640 1717 veteribus
678 1654 743 1716 in
787 1650 1007 1740 primis
1047 1649 1408 1740 proposita,
1476 1673 1541 1720 et
1567 1653 1650 1721 ad

26 1740 187 1808 haec
203 1764 406 1829 vsque
434 1761 728 1829 tempora
758 1739 1127 1819 conseruata
1153 1744 1376 1833 copia,
1425 1745 1514 1810 nil
1532 1744 1648 1830 nisi

25 1833 271 1922 plautas
311 1856 346 1898 a
388 1833 654 1900 naturali
707 1831 926 1900 habitu
956 1833 1314 1901 aberrantes
1345 1832 1646 1923 ostendit,

25 1946 98 1992 vt
124 1925 336 2013 itaque
363 1948 400 1989 L
415 1950 428 1990 1
446 1948 494 1991 N
515 1948 562 1992 N
579 1947 620 1991 A
639 1949 670 1990 E
688 1949 704 1991 1
735 1945 799 1992 ct
820 1924 1096 1992 aliorum
1125 1923 1494 1994 industriam
1515 1929 1647 1995 lau-

25 2016 302 2083 dandam
347 2013 465 2082 effe
506 2014 889 2099 existimem,
946 2040 1071 2107 qua
1115 2014 1404 2086 diffusam
1452 2042 1646 2108 vege-

23 2108 314 2177 tabilium
343 2109 794 2195 cognitionem
825 2131 938 2198 per
965 2106 1398 2196 subjectorum
1429 2110 1646 2194 immi-

22 2200 367 2268 nutionem
396 2199 745 2273 faciliorem
794 2199 977 2267 reddi
1017 2200 1394 2287 experimur.
1480 2202 1645 2270 sslud

21 2315 211 2369 vem,
269 2290 450 2380 quod
488 2311 553 2358 vt
595 2291 945 2380 plurimum
982 2289 1119 2359 fieri
1161 2289 1350 2378 solet,
1425 2313 1488 2360 et
1536 2293 1645 2362 hic

20 2381 309 2453 accidisse
332 2381 667 2450 fatendum
707 2380 810 2449 est.
918 2383 1422 2452 Amoeniffimae
1461 2409 1644 2451 nam·
1693 2433 1697 2435 -

21 2498 150 2566 que
178 2471 360 2561 hujus
387 2475 720 2540 doctrinae
745 2472 1184 2542 restauratores
1213 2477 1278 2542 in
1311 2476 1644 2566 speciebus

18 2565 482 2634 imminuendis
522 2565 711 2632 nimis
747 2587 1103 2656 occupatos
1145 2590 1295 2633 cum
1333 2568 1643 2647 viderem,

20 2681 56 2738 a
84 2679 286 2724 ,LINN
308 2680 456 2723 AEo
500 2656 758 2747 aliisque
785 2682 921 2724 non
951 2682 1278 2748 nunquam
1313 2657 1544 2726 disceffi
1577 2680 1641 2728 et

19 2770 466 2818 HALLERVM
503 2750 745 2816 secutus
774 2747 939 2829 sum,
1007 2753 1246 2840 quippe
1284 2752 1394 2839 qui
1436 2751 1640 2816 medi-

20 2864 130 2910 am
171 2840 338 2906 viam
382 2859 445 2906 et
500 2838 606 2904 hic
647 2841 1004 2927 eligendam
1055 2841 1173 2926 effe
1224 2843 1477 2931 optime
1516 2844 1644 2909 do·-

19 2934 173 3001 cuit.
268 2931 445 2997 Dum
473 2930 646 2996 enim
686 2935 929 3020 plantas
948 2932 1189 3002 nostras
1215 2933 1542 3021 indigenas
1570 2934 1643 3001 in

19 3024 320 3116 propri0‚
376 3045 597 3111 eoque
638 3023 983 3114 aliquando
1024 3025 1273 3093 diuerso
1310 3024 1464 3092 loco
1506 3049 1642 3092 cre-

21 3117 265 3187 scentes
293 3113 361 3190 in
401 3111 732 3183 succeffiua
775 3115 1179 3208 vegetatione
1223 3113 1642 3202 consideraui,

973 3216 1005 3254 *
1029 3208 1064 3246 ’1
1578 3228 1644 3278 et
